@article{polese2023understanding,
	title={Understanding O-RAN: Architecture, interfaces, algorithms, security, and research challenges},
	author={Polese, Michele and Bonati, Leonardo and Dâ€™Oro, Salvatore and Basagni, Stefano and Melodia, Tommaso},
	journal={IEEE Communications Surveys \& Tutorials},
	year={2023},
	publisher={IEEE}
}

@article{upadhyaya2022prototyping,
	title={Prototyping next-generation O-RAN research testbeds with SDRs},
	author={Upadhyaya, Pratheek S and Abdalla, Aly S and Marojevic, Vuk and Reed, Jeffrey H and Shah, Vijay K},
	journal={arXiv preprint arXiv:2205.13178},
	year={2022}
}

@inproceedings{orhan2021connection,
	title={Connection management xAPP for O-RAN RIC: A graph neural network and reinforcement learning approach},
	author={Orhan, Oner and Swamy, Vasuki Narasimha and Tetzlaff, Thomas and Nassar, Marcel and Nikopour, Hosein and Talwar, Shilpa},
	booktitle={2021 20th IEEE International Conference on Machine Learning and Applications (ICMLA)},
	pages={936--941},
	year={2021},
	organization={IEEE}
}